@misc{mediakix,
  author = {Mediakix},
  year   = {2020},
  title  = {How much time is spent on social media lifetime},
  url    = {https://mediakix.com/blog/how-much-time-is-spent-on-social-media-lifetime/}
}

@misc{ReportPewInternetResearch2018,
  author       = {Pew Research},
  title        = {Facebook is the top social media site for news in Western Europe},
  howpublished = {8 maggio 2018},
  year         = {2018},
  url          = {https://www.journalism.org/2018/05/14/many-western-europeans-get-news-via-social-media-but-in-some-countries-substantial-minorities-do-not-pay-attention-to-the-source/pj_2018-05-14_western-europe_5-02/}
}

@misc{ActivismSocialMedia,
  author       = {Pew Research},
  title        = {Activism in the social media age},
  howpublished = {11 Luglio 2018},
  year         = {2018},
  url          = {https://www.pewresearch.org/internet/2018/07/11/public-attitudes-toward-political-engagement-on-social-media/}
}

@misc{AutomaticPower,
  author       = {Samuel C. Woolley},
  title        = {Automating power: Social bot interference in global politics},
  howpublished = {10 Marzo 2016},
  year         = {2016},
  url          = {https://firstmonday.org/ojs/index.php/fm/article/view/6161}
}

@book{IntroToAlgorithms,
  author    = {Cormen T. H. Leiserson C. E. Rivest R. L. \& Stein C.},
  title     = {Introduction to algorithms second edition},
  year      = {2001},
  publisher = {McGraw-Hil}
}

@book{NetworkScience,
  author    = {Barabasi, A. L.},
  title     = {Network Science},
  year      = {2016},
  publisher = {Cambidge university press}
}

@book{RusselNorvig,
  author    = {{Russel Stuart J}, {Peter Norvig}},
  title     = {Artificial Intelligence: A Modern Approach},
  year      = {1995},
  publisher = {Englewood Cliffs, N.J: Prentice Hall}
}

@article{SocialNetworkAnalysis,
  author  = {Wasserman Stanley; Fauset Kathering},
  title   = {Social Network Analysis in the Social and Behavioral Sciences},
  journal = {Cambridge University Press},
  pages   = {1-27},
  year    = {1994}
}

@article{SimulatingLargeSocialNetworks,
  author  = {Lynne Hamill \& Nigel Gilbert},
  title   = {Simulating Large Social Networks In Agent-Based Models: A Social Circle Model},
  journal = {E:CO},
  volume  = {12},
  number  = {4},
  pages   = {XXX--XXX},
  year    = {2010}
}

@misc{Comunita,
  author = {Wikipedia},
  title  = {Comunità},
  url    = {https://it.wikipedia.org/wiki/Comunità?oldformat=true}
}

@misc{ComunitaVirtuale,
  author = {Wikipedia},
  title  = {Comunità Virtuale},
  url    = {https://it.wikipedia.org/wiki/Comunità_virtuale?oldformat=true}
}

@misc{ComunitaSenso,
  author = {Wikipedia},
  title  = {Senso di Comunità},
  url    = {https://en.wikipedia.org/wiki/Sense_of_community?oldformat=true}
}

@book{VirtualCommunity,
  author    = {Howard Rheingold},
  title     = {The Virtual Community},
  year      = {1993},
  publisher = {Homesteading on the Electronic Frontier, Addison-Wesley}
}

@article{PatternNetworkLearning,
  author  = {de Laat M., Lally V., Lipponen L. et al.},
  title   = {Investigating patterns of interaction in networked learning and computer-supported collaborative learning: A role for Social Network Analysis},
  journal = {Computer Supported Learning},
  volume  = {2},
  pages   = {87--103},
  year    = {2007}
}

@misc{GrafoDistanza,
  author = {Wikipedia},
  title  = {Distanza in un grafo},
  url    = {https://en.wikipedia.org/wiki/Distance_(graph_theory)?oldformat=true}
}

@misc{GrafoConnettivita,
  author = {Wikipedia},
  title  = {Connettività in un grafo},
  url    = {https://en.wikipedia.org/wiki/Connectivity_(graph_theory)?oldformat=true}
}

@misc{ReteInvarianzaScala,
  author = {Wikipedia},
  title  = {Rete ad Invarianza di Scala},
  url    = {https://it.wikipedia.org/wiki/Rete_a_invarianza_di_scala?oldformat=true}
}

@misc{TeoriaPiccoloMondo,
  author = {Wikipedia},
  title  = {Teoria del mondo piccolo},
  url    = {https://it.wikipedia.org/wiki/Teoria_del_mondo_piccolo?oldformat=true}
}


@misc{GrafoOrdine,
  author = {Wikipedia},
  title  = {Ordine di un grafo},
  url    = {https://it.wikipedia.org/wiki/Grafo?oldformat=true}
}


@misc{GrafoCentralita,
  author = {Wikipedia},
  title  = {Misure di Centralità di un Grafo},
  url    = {https://en.wikipedia.org/wiki/Centrality?oldformat=true}
}

@misc{GrafoBetweenness,
  author = {Wikipedia},
  title  = {Misure Betweennes},
  url    = {https://en.wikipedia.org/wiki/Betweenness_centrality?oldformat=true}
}

@book{ScienceConnectedAge,
  author    = {Watts, D.J},
  title     = {Six degrees: the science of a connected age},
  year      = {2003},
  publisher = {Norton}
}



##########EXAMPLES

@article{einstein,
  author  = {Albert Einstein},
  title   = {{Zur Elektrodynamik bewegter K{\"o}rper}. ({German})
        [{On} the electrodynamics of moving bodies]},
  journal = {Annalen der Physik},
  volume  = {322},
  number  = {10},
  pages   = {891--921},
  year    = {1905},
  doi     = {http://dx.doi.org/10.1002/andp.19053221004}
}

@book{latexcompanion,
  author    = {Michel Goossens and Frank Mittelbach and Alexander Samarin},
  title     = {The \LaTeX\ Companion},
  year      = {1993},
  publisher = {Addison-Wesley},
  address   = {Reading, Massachusetts}
}

@misc{knuthwebsite,
  author = {Donald Knuth},
  title  = {Knuth: Computers and Typesetting},
  url    = {http://www-cs-faculty.stanford.edu/\~{}uno/abcde.html}
}